@online{wass,
    author  = {m4ll0k},
    title   = {WAScan - Web Application Scanner},
    year    = {2018},
    url     = {https://github.com/m4ll0k/WAScan}
}

@online{owasp,
    author  = {The OWASP Foundation},
    title   = {},
    year    = {2018},
    url     = {https://www.owasp.org/index.php}
}

@book{nfcTecAndMeasurements,
    author      = {Rohde & Schwarz},
    title       = {Near Field Comunication (NFC) Techonology and Measurements White Paper},
    year        = {2011},
    publisher   = {Roland Minihold},
    location    = {}
}

@online{LDAP,
    author  = {Chema Alonso, Rodolfo Bordón, Antonio Guzmán y Marta Beltrán},
    title   = {LDAP Injection &
Blind LDAP Injection In Web Applications},
    journal = {},
    year    = {}
}

@online{c4model,
    author  = {Simon Brown},
    title   = {The C4 model for software architecture},
    year    = {},
    url     = {https://c4model.com}
}

